<record><leader>00000cas a2200000 a 4500</leader><controlfield tag="001">47847993</controlfield><controlfield tag="008">010827c19uu9999vauwr ne      0    0vie c</controlfield><datafield ind1=" " ind2=" " tag="010"><subfield code="a">sn2001061852</subfield></datafield><datafield ind1=" " ind2=" " tag="040"><subfield code="a">NYS</subfield><subfield code="b">eng</subfield><subfield code="c">NYS</subfield><subfield code="d">OCLCQ</subfield><subfield code="d">OCLCO</subfield></datafield><datafield ind1="1" ind2=" " tag="029"><subfield code="a">AU@</subfield><subfield code="b">000022935557</subfield></datafield><datafield ind1=" " ind2=" " tag="042"><subfield code="a">pcc</subfield></datafield><datafield ind1=" " ind2=" " tag="043"><subfield code="a">n-us-va</subfield></datafield><datafield ind1="0" ind2=" " tag="130"><subfield code="a">Va&#774;n nghe&#770; (Falls Church, Va.)</subfield></datafield><datafield ind1="1" ind2="0" tag="245"><subfield code="a">Va&#774;n nghe&#770;.</subfield></datafield><datafield ind1=" " ind2=" " tag="260"><subfield code="a">Falls Church, Va. :</subfield><subfield code="b">[s.n.]</subfield></datafield><datafield ind1=" " ind2=" " tag="300"><subfield code="a">v. :</subfield><subfield code="b">ill. ;</subfield><subfield code="c">57 cm.</subfield></datafield><datafield ind1=" " ind2=" " tag="310"><subfield code="a">Weekly</subfield></datafield><datafield ind1=" " ind2=" " tag="546"><subfield code="a">In Vietnamese.</subfield></datafield><datafield ind1=" " ind2=" " tag="588"><subfield code="a">Description based on: So&#770; &#769;196 (26 Tha&#769;ng 5 na&#774;m 2001; i.e. May 26-June 5, 2001).</subfield></datafield><datafield ind1=" " ind2="0" tag="650"><subfield code="a">Vietnamese</subfield><subfield code="z">United States</subfield><subfield code="v">Newspapers.</subfield></datafield><datafield ind1=" " ind2="0" tag="650"><subfield code="a">Vietnamese Americans</subfield><subfield code="z">Virginia</subfield><subfield code="z">Falls Church</subfield><subfield code="v">Newspapers.</subfield></datafield><datafield ind1=" " ind2="0" tag="651"><subfield code="a">Falls Church (City : Va.)</subfield><subfield code="v">Newspapers.</subfield></datafield><datafield ind1=" " ind2=" " tag="752"><subfield code="a">United States</subfield><subfield code="b">Virginia</subfield><subfield code="d">Falls Church.</subfield></datafield></record>